%!TEX program = bibtex
%!TEX root = main.tex


%%%%%%%%%%%%%%%%%%%%%%%%%%%%%%%%%%%%%%%%%%%%%%%%%%%%%
%%%%%%%%%%%%%%%%%      ARTICLE      %%%%%%%%%%%%%%%%%
%%%%%%%%%%%%%%%%%%%%%%%%%%%%%%%%%%%%%%%%%%%%%%%%%%%%%
@TECHREPORT {stevecarr2003,
    author      = "Steve Carr, Jean Mayo, Ching-Kuang Shene",
    title       = "Race Conditions: A Case Study",
    institution = "Department of Computer Science, Michigan Technological University",
    year        = "2003",
    note        = "\url{http://www.cs.mtu.edu/~shene/PUBLICATIONS/2001/race.pdf}",
}

%%%%%%%%%%%%%%%%%%%%%%%%%%%%%%%%%%%%%%%%%%%%%%%%%%%%%
%%%%%%%%%%%%%%%%%        BOOK       %%%%%%%%%%%%%%%%%
%%%%%%%%%%%%%%%%%%%%%%%%%%%%%%%%%%%%%%%%%%%%%%%%%%%%%

@BOOK {vik,
    author    = "Bjørnar Vik",
    title     = "Integrated Satellite and Inertial Navigation Systems",
    publisher = "Norwegian University of Science and Technology",
    year      = "2014"
}

@BOOK {ulrich,
    author    = "Karl T. Ulrich",
    title     = "Design, Creation of Artifacts in Society",
    publisher = "University of Pennsylvania",
    year      = "2011"
}

@BOOK {johnson,
    author    = "Jeff Johnson",
    title     = "Designing with the Mind in Mind: Simple Guide to Understanding User Interface Design Rules",
    publisher = "Morgan Kaufmann",
    year      = "2010",
    edition   = "first"
}

@BOOK {schneiderman,
    author    = "Ben Schneiderman, Catherine Plaisant",
    title     = "Designing the User Interface: Strategies for Effective Human-Computer Interaction",
    publisher = "Addison-Wesley Publishing Company",
    year      = "2010",
    edition   = "first"
}

@BOOK {cproglang,
    author    = "Brian W. Kernighan, Dennis M. Ritchie",
    title     = "The C Programming Language",
    publisher = "Prentice Hall",
    year      = "1988",
    edition   = "second",
    note      = "ISBN: 0-13-110370"
}

@BOOK {stevemcconnell2004,
    author    = "Steve McConnell",
    title     = "Code Complete",
    publisher = "Microsoft Press",
    year      = "2004",
    edition   = "second",
    note      = "ISBN: 0-7356-1967-0"
}

@BOOK {downey2008,
    author    = "Allen B. Downey",
    title     = "The Little Book of Semaphores",
    publisher = "The Free Software Foundation",
    year      = "2008",
    edition   = "second"
}

@BOOK {prabhu2004,
    author    = "C.S.R. Prabhu, A. Prathap Reddi",
    title     = "Bluetooth Technology and Its Applications with Java and J2ME",
    publisher = "Prentice Hall",
    year      = "2004",
    edition   = "first",
    note      = "ISBN: 81-203-2443-9"
}

@BOOK {bell1979,
    author    = "C.Gordon Bell, J.Craig Mudge, John E. McNamara",
    title     = "Computer Engineering, A Dec View of Hardware Systems Design",
    publisher = "Digital Press",
    year      = "1979",
    edition   = "first",
    note      = "ISBN: 0-932376-00-2"
}

%%%%%%%%%%%%%%%%%%%%%%%%%%%%%%%%%%%%%%%%%%%%%%%%%%%%%
%%%%%%%%%%%%%%%%%        MISC       %%%%%%%%%%%%%%%%%
%%%%%%%%%%%%%%%%%%%%%%%%%%%%%%%%%%%%%%%%%%%%%%%%%%%%%


@MISC {jvm,
    author       = "Oracle",
    title        = "Compiling Java",
    howpublished = "\url{"http://docs.oracle.com/javase/tutorial/figures/getStarted/getStarted-compiler.gif}",
    month        = "apr",
    year         = "2016"
}

@MISC {java,
    author       = "Oracle",
    title        = "The Java Language Environment",
    howpublished = "\url{http://www.oracle.com/technetwork/java/intro-141325.html}",
    year         = "2016"
}

@MISC {wora,
    author       = "Computer Weekly",
    title        = "Write once, run anywhere?",
    howpublished = "\url{http://www.computerweekly.com/feature/Write-once-run-anywhere}",
    year         = "2002"
}

@MISC {arduino,
    author       = "{Google Code Archive}",
    title        = "Arduino",
    howpublished = "\url{https://code.google.com/archive/p/arduino/}",
    year         = "2016"
}

@MISC {arduino2,
    author       = "Arduino",
    title        = "What is Arduino?",
    howpublished = "\url{http://www.arduino.cc/en/Guide/Introduction}",
    month        = "apr",
    year         = "2016"
}

@MISC {arduinobuild,
    author       = "Arduino",
    title        = "Arduino Build Process",
    howpublished = "\url{https://www.arduino.cc/en/Hacking/BuildProcess}",
    month        = "apr",
    year         = "2016"
}

@MISC {arduinoboards,
    author       = "Arduino",
    title        = "Arduino Products",
    howpublished = "\url{https://www.arduino.cc/en/Main/Products}",
    month        = "apr",
    year         = "2016"
}

@MISC {clanguage,
    author       = "Dennis M.Ritchie",
    title        = "The Development of the C Language*",
    year         = "2003",
    howpublished = "\url{http://www.bell-labs.com/usr/dmr/www/chist.html}"
}

@MISC {adamcarlson,
    author       = "Adam Carlson",
    title        = "COUPLING and COHESION",
    howpublished = "\url{http://courses.cs.washington.edu/courses/cse403/96sp/coupling-cohesion.html}",
    note         = "Computer Science \& Engineering University of Washington",
    month        = "apr",
    year         = "1996"
}

@MISC {cartwright2000,
    author       = "Robert S. Cartwright, Jr",
    title        = "What is Concurrent Programming?",
    howpublished = "\url{https://www.cs.rice.edu/~cork/book/node96.html}",
    month        = "jan",
    year         = "2000"
}

@MISC {highcapacitor,
    author       = "Simon Monk",
    title        = "If the Servo Misbehaves",
    howpublished = "\url{https://learn.adafruit.com/adafruit-arduino-lesson-14-servo-motors/if-the-servo-misbehaves}",
    month        = "may",
    year         = "2015"
}

@MISC {lowcapacitor,
    author       = "Kevin Ross",
    title        = "Bypass Capacitors",
    howpublished = "\url{http://www.seattlerobotics.org/encoder/jun97/basics.html}",
    year         = "1997",
    month        = "jun"
}

@MISC {cartwright2000v2,
    author       = "Robert S. Cartwright, Jr",
    title        = "Deadlock",
    howpublished = "\url{https://www.cs.rice.edu/~cork/book/node98.html}",
    month        = "jan",
    year         = "2000"
}

@MISC {sunmicrosystems2005,
    author       = "Sun Microsystems",
    title        = "Starvation and Deadlock",
    howpublished = "\url{http://www.math.uni-hamburg.de/doc/java/tutorial/essential/threads/deadlock.html}",
    year         = "2005"
}

@MISC {bluetoothsig2016,
    author       = "Bluetooth SIG",
    title        = "Bluetooth",
    howpublished = "\url{https://www.bluetooth.com/what-is-bluetooth-technology/bluetooth}",
    year         = "2016"
}

@MISC {bluetoothreport2013,
    author       = "Bluetooth Report",
    title        = "Bluetooth versions comparison. What’s the difference between the versions?",
    howpublished = "\url{http://bluetoothreport.com/bluetooth-versions-comparison-whats-the-difference-between-the-versions/}",
    year         = "2013"
}

@MISC {csr2010,
    author       = "CSR",
    title        = "Bluetooth Low Energy",
    howpublished = "\url{https://www.bluetooth.org/DocMan/handlers/DownloadDoc.ashx?doc_id=227336}",
    year         = "2010",
    month        = "mar"
}

@MISC {ble2016,
    author       = "Bluetooth SIG",
    title        = "Bluetooth Smart(Low Energy) Technology",
    howpublished = "\url{https://developer.bluetooth.org/TechnologyOverview/Pages/BLE.aspx}"
}

@MISC {arduinomega2560,
    author       = "Arduino.cc",
    title        = "Arduino MEGA 2560",
    howpublished = "\url{https://www.arduino.cc/en/Main/ArduinoBoardMega2560}",
    year         = "2016",
    month        = "apr"
}

@MISC {nrf51Dongle,
    author       = "Nordic Semiconductor",
    title        = "nRF51 Dongle",
    howpublished = "\url{https://www.nordicsemi.com/eng/Products/nRF51-Dongle}",
    year         = "2016",
    month        = "apr"
}

@MISC {corelis2016,
    author       = "Corelis",
    title        = "SPI Interface",
    howpublished = "\url{http://www.corelis.com/education/SPI_Tutorial.htm}",
    year         = "2016",
    month        = "apr"
}

@MISC {epanorama2011,
    author       = "ePanorama.net",
    title        = "Serial Buses",
    howpublished = "\url{http://www.epanorama.net/links/serialbus.html}",
    year         = "2011"
}

@MISC {byteparadigm,
    author       = "Byte Paradigm sprl",
    title        = "Introduction to I2C and SPI protocols",
    howpublished = "\url{http://www.byteparadigm.com/applications/introduction-to-i2c-and-spi-protocols/?/article/AA-00255/22/Introduction-to-SPI-and-IC-protocols.html}",
    year         = "2016"
}

@MISC {sparkfunspi,
    author       = "Sparkfun Electronics",
    title        = "Serial Peripheral Interface (SPI)",
    howpublished = "\url{https://learn.sparkfun.com/tutorials/serial-peripheral-interface-spi}",
    year         = "2016"
}

@MISC {sparkfunuart,
    author       = "Sparkfun Electronics",
    title        = "Serial Communication",
    howpublished = "\url{https://learn.sparkfun.com/tutorials/serial-communication/uarts}",
    year         = "2016"
}

@MISC {whatisuart,
    author       = "Ken Conway ,Michael DeHaan, Margaret Rouse",
    title        = "UART (Universal Asynchronous Receiver/Transmitter)",
    howpublished = "\url{http://whatis.techtarget.com/definition/UART-Universal-Asynchronous-Receiver-Transmitter}",
    year         = "2011",
    month        = "feb"
}

@MISC {matlab,
    author       = "Mathworks",
    title        = "MATLAB",
    howpublished = "\url{http://se.mathworks.com/help/matlab/}",
    month        = "apr",
    year         = "2016"
}

@MISC {atmel,
    author       = "Atmel Corporation",
    title        = "Atmel Studio",
    howpublished = "\url{http://www.atmel.com/tools/ATMELSTUDIO.aspx}",
    month        = "apr",
    year         = "2016"
}

@MISC {eagle,
    author       = "Cadsoft USA",
    title        = "What is Eagle",
    howpublished = "\url{http://www.cadsoftusa.com/eagle-pcb-design-software/about-eagle/}",
    year         = "2016",
    month        = "apr"
}

@MISC {solidworks,
    author       = "Dassault Systèmes",
    title        = "Solidworks",
    howpublished = "\url{http://www.solidworks.com/sw/3d-cad-design-software.htm}",
    year         = "2016",
    month        = "apr"
}

@MISC{elfa,
    author       = "Elfa Distrelec",
    title        = "Litiumbatteri",
    howpublished = "\url{https://www.elfadistrelec.no/no/litiumbatteri-11-4600-mah-hy-line-h2b181/p/16901653}",
    year         = "2016",
    month        = "jan" 
}

@MISC{elprolab,
    author       = "Elprolab",
    title        = "Elektronikk og prototypelaboratoriet",
    howpublished = "\url{http://intern.iet.ntnu.no/elprolab/index}",
    year         = "2016",
    month        = "apr" 
}

@MISC {nrf51sdk,
    author       = "Nordic Semiconductor",
    title        = "nRF51 Software Development Kit 10.0.0",
    howpublished = "\url{https://developer.nordicsemi.com/nRF5_SDK/}",
    year         = "2016",
    month        = "apr"
}

@MISC {nrfgo,
    author       = "Nordic Semiconductor",
    title        = "nRFgo Studio",
    howpublished = "\url{https://developer.nordicsemi.com/nRF5_SDK/}",
    year         = "2016",
    month        = "apr"
}

@MISC {keil,
    author       = "ARM Group",
    title        = "ARMKeil Microcontroller Tools",
    howpublished = "\url{https://www.keil.com/download/product/}",
    year         = "2016",
    month        = "apr"
}

@MISC {infrared,
    author       = "Society of robots",
    title        = "Infrared vs. Ultrasonic",
    howpublished = "\url{http://www.societyofrobots.com/member_tutorials/book/export/html/71}",
    year         = "2016",
    month        = "apr"
}

@MISC {irjpg,
    author       = "Circuits Planet",
    title        = "Infrared Sensors",
    howpublished = "\url{http://circuitsplanet.blogspot.no/2014/12/interfacing-arduino-with-ir-sensor-and.html}",
    year         = "2014",
    month        = "dec"
}

@MISC {netbeans,
    author       = "NetBeans Community",
    title        = "NetBeans IDE",
    howpublished = "\url{https://netbeans.org/}",
    year         = "2016",
    month        = "apr"
}

@MISC {msproject,
    author       = "Microsoft",
    title        = "Microsoft Project",
    howpublished = "\url{https://products.office.com/nb-no/Project/project-for-office-365}",
    year         = "2016",
    month        = "apr"
}

@MISC {microstation,
    author       = "Bentley Systems Inc",
    title        = "MicroStation",
    howpublished = "\url{https://www.bentley.com/en/products/brands/microstation}",
    year         = "2016",
    month        = "apr"
}

@MISC {nrfgo,
    author       = "Nordic Semiconductor",
    title        = "nRFGo Studio",
    howpublished = "\url{http://external.informer.com/nordicsemi.com/chi%2Fnode_176%2F2.4GHz-RF%2FnRFgo-Studio}",
    year         = "2016",
    month        = "apr"
}

@MISC {uvision,
    author       = "ARM Group",
    title        = "µVision IDE",
    howpublished = "\url{http://www2.keil.com/mdk5/uvision/}",
    year         = "2016",
    month        = "apr"
}